@article{opencv_library,
    author = {Bradski, G.},
    citeulike-article-id = {2236121},
    journal = {Dr. Dobb's Journal of Software Tools},
    keywords = {bibtex-import},
    posted-at = {2008-01-15 19:21:54},
    priority = {4},
    title = {Open CV},
    year = {2000}
}
@misc{libccv,
title = {LibCCV},
date = {03.02.2015},
url = {http://libccv.org/}
}
@misc{imagemagick,
title = {ImageMagick},
date = {03.02.2015},
url = {http://www.imagemagick.org}
}
@book{bradski2008learning,
  title={Learning OpenCV: Computer vision with the OpenCV library},
  author={Bradski, Gary and Kaehler, Adrian},
  year={2008},
  publisher={" O'Reilly Media, Inc."}
}

